@Misc{IMS_slides,
	author = {Petr Peringer and Martin Hrubý},
	title = {
		Modelování a~simulace, Text k~přednáškám kursu
		Modelování a~simulace na FIT VUT v~Brně
	},
	howpublished = {[online]},
	year = {15. září 2022},
	note = {[vid. 2022-12-05]},
	url = {https://www.fit.vutbr.cz/study/courses/IMS/public/prednasky/IMS.pdf},
}

@Misc{Keramika_Granec,
	author = {Ján Granec},
	title = {Keramika Granec},
	howpublished = {[online]},
	year = {2022},
	note = {[vid. 2022-12-05]},
	url = {http://www.keramikagranec.sk/},
}

@Misc{SIMLIB,
	author = {Petr Peringer and David Leska and David Martinek},
	title = {SIMLIB/C++ (SIMulation LIBrary for C++)},
	howpublished = {[online]},
	year = {1. listopad 2022},
	note = {[vid. 2022-12-05]},
	url = {https://www.fit.vutbr.cz/~peringer/SIMLIB/},
}